<record><leader>00000cas a22000007a 4500</leader><controlfield tag="001">19024596</controlfield><controlfield tag="008">890116d18851959mouwr ne      0    0eng d</controlfield><datafield ind1=" " ind2=" " tag="010"><subfield code="a">sn 89066191 </subfield></datafield><datafield ind1=" " ind2=" " tag="040"><subfield code="a">MQN</subfield><subfield code="b">eng</subfield><subfield code="c">MQN</subfield><subfield code="d">OCLCQ</subfield></datafield><datafield ind1="0" ind2="0" tag="245"><subfield code="a">Miller County autogram.</subfield></datafield><datafield ind1=" " ind2=" " tag="260"><subfield code="a">Tuscumbia, Miller Co., Mo. :</subfield><subfield code="b">George M. Clark,</subfield><subfield code="c">1885-1959.</subfield></datafield><datafield ind1=" " ind2=" " tag="300"><subfield code="a">v.</subfield></datafield><datafield ind1=" " ind2=" " tag="310"><subfield code="a">Weekly</subfield></datafield><datafield ind1="0" ind2=" " tag="362"><subfield code="a">Vol. 3, no. 20 (Aug. 6, 1885)-v. 77, no. 9 (Mar. 26, 1959).</subfield></datafield><datafield ind1=" " ind2=" " tag="752"><subfield code="a">United States</subfield><subfield code="b">Missouri</subfield><subfield code="c">Miller</subfield><subfield code="d">Tuscumbia.</subfield></datafield><datafield ind1=" " ind2=" " tag="752"><subfield code="a">United States</subfield><subfield code="b">Missouri</subfield><subfield code="c">Miller</subfield><subfield code="d">Aurora Springs.</subfield></datafield><datafield ind1="0" ind2="0" tag="780"><subfield code="t">Aurora Springs autogram</subfield><subfield code="w">(DLC)sn 89066190</subfield></datafield><datafield ind1="0" ind2="7" tag="785"><subfield code="t">Miller County sentinel</subfield><subfield code="w">(DLC)sn 89066193</subfield></datafield><datafield ind1="0" ind2="7" tag="785"><subfield code="t">Miller County autogram-sentinel</subfield><subfield code="w">(DLC)sn 89066192</subfield></datafield></record>